<record><leader>00000cas a22000007a 4500</leader><controlfield tag="001">22902266</controlfield><controlfield tag="008">901227d186818uuohuuu ne      0    0eng d</controlfield><datafield ind1=" " ind2=" " tag="010"><subfield code="a">sn 90068766 </subfield></datafield><datafield ind1=" " ind2=" " tag="040"><subfield code="a">ONP</subfield><subfield code="b">eng</subfield><subfield code="c">ONP</subfield><subfield code="d">OCLCQ</subfield></datafield><datafield ind1=" " ind2=" " tag="042"><subfield code="a">msc</subfield></datafield><datafield ind1="0" ind2="4" tag="245"><subfield code="a">The Cheviot solitaire.</subfield></datafield><datafield ind1=" " ind2=" " tag="260"><subfield code="a">Cheviot, Ohio :</subfield><subfield code="b">White &amp; White,</subfield><subfield code="c">1868-</subfield></datafield><datafield ind1=" " ind2=" " tag="300"><subfield code="a">v.</subfield></datafield><datafield ind1="0" ind2=" " tag="362"><subfield code="a">Vol. 1, no. 1 (Jan. 22, 1868)-</subfield></datafield><datafield ind1=" " ind2=" " tag="500"><subfield code="a">Newspaper is handwritten.</subfield></datafield><datafield ind1=" " ind2=" " tag="752"><subfield code="a">United States</subfield><subfield code="b">Ohio</subfield><subfield code="c">Hamilton</subfield><subfield code="d">Cheviot.</subfield></datafield></record>